@book{Smith2021,

       author =  {Smith,  John} ,
       title  =  { Formatting } ,
       publisher  =  { Springer} ,
       city  =  {Heidelberg} ,
       year  =  {2021}}

@article{JonesSmith2013,
         author  =  {Jones,  Angel} ,
         title  =  {A Groundbreaking Journal Paper} ,
         journal  =  { Journal Name} ,
         volume  =  {35} ,
         issue  =  {4} ,
         pages  =  {122   135},
         year  =  {2013}}
         
@misc{WordLatexNature2019,
 title = "Craft beautiful equations in Word with LaTeX" ,
 author = " {Matthews, David} " ,
 howpublished = "\url{ https://www.nature.com/articles/d41586−019−01796−1}",
 year = 2019,
 note = "Accessed: 2021−06−01"}